<?xml version="1.0" encoding="UTF-8"?><collection xmlns="http://www.loc.gov/MARC21/slim"><record><leader>00498nam--2200169-i-4500</leader><controlfield tag="001">000005352</controlfield><controlfield tag="002">20161230</controlfield><controlfield tag="005">20170222163801</controlfield><controlfield tag="008">060222s1000------------r-----000-0-eng-d</controlfield><datafield ind1=" " ind2=" " tag="100"><subfield code="a">Ackermann, Gerhard</subfield></datafield><datafield ind1=" " ind2=" " tag="245"><subfield code="a">Die relative verteilung des termischen neutronenflusses im forschungsreaktor rossendorf</subfield></datafield><datafield ind1=" " ind2=" " tag="260"><subfield code="a">Rossendorf</subfield><subfield code="b">Zentralinstitut F.Kernphysik</subfield><subfield code="c">1960</subfield></datafield><datafield ind1=" " ind2=" " tag="300"><subfield code="a">9 p. + 7 Diagrame</subfield></datafield><datafield ind1=" " ind2=" " tag="490"><subfield code="a">Zfk-rn</subfield><subfield code="v">3</subfield></datafield><datafield ind1=" " ind2=" " tag="700"><subfield code="a">Kriebel, G</subfield></datafield><datafield ind1=" " ind2=" " tag="852"><subfield code="a">14578</subfield></datafield><datafield ind1=" " ind2=" " tag="CAT"><subfield code="a">SYS</subfield><subfield code="c">20170222</subfield><subfield code="h">163801</subfield></datafield></record></collection>